<?xml version="1.0" encoding="UTF-8"?><collection xmlns="http://www.loc.gov/MARC21/slim"><record><leader>00352nam--2200133-i-4500</leader><controlfield tag="001">000029703</controlfield><controlfield tag="002">20161230</controlfield><controlfield tag="005">20161230201037</controlfield><controlfield tag="008">060222s1000------------r-----000-0-eng-d</controlfield><datafield ind1=" " ind2=" " tag="080"><subfield code="a">621.375.826:621.382(063)</subfield></datafield><datafield ind1=" " ind2=" " tag="245"><subfield code="a">Laser processing of semiconductor devices</subfield></datafield><datafield ind1=" " ind2=" " tag="260"><subfield code="a">Washington, Spie, 1983, Vi + 155p</subfield></datafield><datafield ind1=" " ind2=" " tag="700"><subfield code="a">Charles C. Tang</subfield></datafield><datafield ind1=" " ind2=" " tag="852"><subfield code="a">72483</subfield></datafield></record></collection>